<record><leader>00000cas a22000007a 4500</leader><controlfield tag="001">42832569</controlfield><controlfield tag="008">991116d19921996vaudn ne      0    0eng d</controlfield><datafield ind1=" " ind2=" " tag="010"><subfield code="a">sn 99066872 </subfield></datafield><datafield ind1=" " ind2=" " tag="040"><subfield code="a">NVK</subfield><subfield code="b">eng</subfield><subfield code="c">NVK</subfield><subfield code="d">OCL</subfield><subfield code="d">OCLCQ</subfield><subfield code="d">OCLCF</subfield><subfield code="d">OCLCO</subfield></datafield><datafield ind1="1" ind2=" " tag="029"><subfield code="a">AU@</subfield><subfield code="b">000021237351</subfield></datafield><datafield ind1=" " ind2=" " tag="042"><subfield code="a">msc</subfield></datafield><datafield ind1=" " ind2=" " tag="043"><subfield code="a">n-us-va</subfield></datafield><datafield ind1="0" ind2=" " tag="130"><subfield code="a">Potomac news (Woodbridge, Va. : Stafford ed.)</subfield></datafield><datafield ind1="1" ind2="0" tag="245"><subfield code="a">Potomac news.</subfield></datafield><datafield ind1="1" ind2=" " tag="246"><subfield code="i">Sunday issues published with title:</subfield><subfield code="a">Sunday news</subfield></datafield><datafield ind1=" " ind2=" " tag="250"><subfield code="a">Stafford ed.</subfield></datafield><datafield ind1=" " ind2=" " tag="260"><subfield code="a">Woodbridge, Va. :</subfield><subfield code="b">Mid-States Newspapers</subfield></datafield><datafield ind1=" " ind2=" " tag="300"><subfield code="a">v.</subfield></datafield><datafield ind1=" " ind2=" " tag="310"><subfield code="a">Daily (five days a week?)</subfield></datafield><datafield ind1="1" ind2=" " tag="362"><subfield code="a">Began in 1992? Ceased in Apr. 1996.</subfield></datafield><datafield ind1=" " ind2=" " tag="500"><subfield code="a">Sunday ed. called: Sunday news.</subfield></datafield><datafield ind1=" " ind2=" " tag="530"><subfield code="a">Available on microfilm from The Forman Co.</subfield></datafield><datafield ind1=" " ind2=" " tag="580"><subfield code="a">Other editions: Prince William ed., &lt;1959&gt;-1996; and the Manassas ed., &lt;1995&gt;-1996.</subfield></datafield><datafield ind1=" " ind2=" " tag="580"><subfield code="a">Absorbed by the Prince William ed. in 1996.</subfield></datafield><datafield ind1=" " ind2=" " tag="588"><subfield code="a">Description based on: Issue for Feb. 24, 1992.</subfield></datafield><datafield ind1=" " ind2=" " tag="588"><subfield code="a">Latest issue consulted: Issue for: (Apr. 19, 1996).</subfield></datafield><datafield ind1=" " ind2="0" tag="651"><subfield code="a">Stafford County (Va.)</subfield><subfield code="v">Newspapers.</subfield></datafield><datafield ind1=" " ind2="0" tag="651"><subfield code="a">Stafford (Va.)</subfield><subfield code="v">Newspapers.</subfield></datafield><datafield ind1=" " ind2="7" tag="655"><subfield code="a">Newspapers.</subfield><subfield code="2">fast</subfield><subfield code="0">(OCoLC)fst01423814</subfield></datafield><datafield ind1=" " ind2="7" tag="651"><subfield code="a">Virginia</subfield><subfield code="z">Stafford.</subfield><subfield code="2">fast</subfield><subfield code="0">(OCoLC)fst01865572</subfield></datafield><datafield ind1=" " ind2="7" tag="651"><subfield code="a">Virginia</subfield><subfield code="z">Stafford County.</subfield><subfield code="2">fast</subfield><subfield code="0">(OCoLC)fst01208345</subfield></datafield><datafield ind1=" " ind2=" " tag="752"><subfield code="a">United States</subfield><subfield code="b">Virginia</subfield><subfield code="c">Prince William</subfield><subfield code="d">Woodbridge.</subfield></datafield><datafield ind1="1" ind2=" " tag="775"><subfield code="t">Potomac news (Woodbridge, Va. : Prince William ed.)</subfield><subfield code="w">(DLC)sn 99066864</subfield></datafield><datafield ind1="1" ind2=" " tag="775"><subfield code="t">Potomac news (Woodbridge, Va. : Manassas ed.)</subfield><subfield code="w">(DLC)sn 99066834</subfield></datafield><datafield ind1="1" ind2="4" tag="785"><subfield code="t">Potomac news (Woodbridge, Va. : Prince William ed.)</subfield><subfield code="w">(DLC)sn 99066864</subfield></datafield></record>